@article{Akaike:1978,
    author = {Akaike, Hirotsugu},
    title = {A {B}ayesian analysis of the minimum {AIC} procedure},
    year = {1978},
    journal = {Annal of the Institute of Statistical Mathematics},
    volume = {A 30},
    pages = {9--14}
}

@article{Akaike:1974,
    author = {Akaike, Hirotsugu},
    title = {A new look at statistical model evaluation},
    year = {1974},
    journal = {{IEEE} {T}ransactions on Automatic Control},
    volume = {AC-19},
    pages = {716--723}
}

@inproceedings{Akaike:1973,
    author = {Akaike, Hirotsugu},
    title = {Information theory and and extension of the maximum likelihood principle},
    year = {1973},
    booktitle = {Second International Symposium on Information Theory},
    editor = {Petrov, B.N. and Csaki, F.},
    address = {Budapest},
    publisher = {Academiai Kiado},
    pages = {267--281}
}

@article{Arsl:2004,
    author = {Arslan, Oclay},
    title = {Family of multivariate generalized t distributions},
    year = {2004},
    journal = {Journal of Multivariate Analysis},
    volume = {89},
    pages = {329--337},
    keywords = {Student t distribution; GT distribution; Generalized t distribution; Power exponential distribution}
}

@inproceedings{Baker:1985,
    author = {Baker, J.E.},
    title = {Adaptive Selection Methods for Genetic Algorithms},
    year = {1985},
    publisher = {Lawrence Erlbaum Associates},
    booktitle = {Proceedings of the First International Conference on Genetic Algorithms and Their Applications},
    editor = {Grefenstette, J.J.},
    pages = {100--111}
}

@unpublished{Bea:Boz:2000,
    author = {Bearse, Peter and Bozdogan, Hamparsum},
    title = {A New Approach to Vector Autoregressive ({VAR}) Forecasting using the Genetic Algorithm with Information Complexity as the Fitness Function},
    year = {2000},
    note = {Unpublished Manuscript},
}

@article{Bea:Boz:1998,
    author = {Bearse, Peter and Bozdogan, Hamparsum},
    title = {Subset selection in vector autoregressive models using the genetic algorithm with informational complexity as the fitness function},
    year = {1998},
    journal = {SAMS},
    volume = {31},
    pages = {61--91},
}

@article{Bedr:Tsai:1994,
    author = {Bedrick, Edward J. and Tsai, Chih-Ling},
    title = {Model Selection for Multivariate Regression in Small Samples},
    year = {1994},
    journal = {Biometrics},
    volume = {50},
    number = {1},
    pages = {226--231},
    keywords = {AIC; AIC$_C$; ICOMP; Kullback-Leibler information; Mallows' C$_p$}
}

@article{Bill:Monf:Robe:1999,
    author = {Billio, M. and Monfort, A. and Robert, C. P.},
    title = {Bayesian estimation of switching {ARMA} models},
    year = {1999},
    journal = {Journal of Econometrics},
    volume = {93},
    pages = {229--255},
    keywords = {Hidden Markov chain; Markov chain Monte Carlo}
}

@article{Box:1953,
    author = {Box, G.},
    title = {A note on regions for the tests of kurtosis},
    year = {1953},
    journal = {Biometrika},
    volume = {40},
    pages = {465--468},
}

@book{Box:Tiao:1973,
    author = {Box, G. and Tiao, G.},
    title = {Bayesian inference in statistical analysis},
    year = {1973},
    address = {Reading},
    publisher = {Addison-Wesley Publishing Co.}
}

@inproceedings{Bozd:2003,
    author = {Bozdogan, Hamparsum},
    title = {Intelligent Statistical Data Mining with Information Complexity and Genetic Algorithms},
    year = {2003},
    address = {Boca Raton},
    publisher = {CRC Press},
    booktitle = {Statistical Data Mining and Knowledge Discovery},
    editor = {Bozdogan, Hamparsum},
    pages = {1--42}
}

@article{Bozd:2000,
    author = {Bozdogan, Hamparsum},
    title = {Akaike's information criterion and recent developments in information complexity},
    year = {2000},
    journal = {Journal of Mathematical Psychology},
    volume = {44},
    number = {1},
    pages = {62--91},
    keywords = {Kullback-Leibler distance; Model selection}
}

@article{Bozd:1990,
    author = {Bozdogan, Hamparsum},
    title = {On the information-based measure of covariance complexity an its application to the evaluation of multivariate linear models},
    year = {1990},
    journal = {Communications in Statistics: Theory and Methods},
    volume = {19},
    pages = {221--278},
}

@inproceedings{Bozd:1988,
    author = {Bozdogan, Hamparsum},
    title = {{ICOMP}: a new model selection criterion},
    year = {1988},
    address = {Amsterdam},
    publisher = {Elsevier Science Publishers},
    booktitle = {Classification and Related Methods of Data Analysis},
    editor = {Bock, Hans Herman},
    pages = {599--608}
}

@article{Bozd:1987,
    author = {Bozdogan, Hamparsum},
    title = {Model selection and Akaike's information criterion (AIC): General theory and its analytical extensions},
    year = {1987},
    journal = {Psychometrika},
    volume = {52},
    number = {3},
    pages = {345--370},
    keywords = {model selection; Aikaike's information criteriom; AIC; CAIC; CAICF}
}

@unpublished{Bozd:Ueno:2000,
    author = {Bozdogan, Hamparsum and Ueno, M.},
    title = {A unified approach to information-theoretic and Bayesian model selection criteria},
    year = {2000},
    note = {Working paper},
}

@article{Brya:Cord:2000,
    author = {Bryant, Peter G. and Cordero-Braña, Olga I.},
    title = {Model selection using the minimum description length principle},
    year = {2000},
    journal = {The American Statistician},
    volume = {54},
    number = {4},
    pages = {257--268},
    keywords = {Data analysis; Information theory; minimum description length; Model selection; stochastic complexity}
}

@article{Buse:Wang:2000,
    author = {Busemeyer, Jerome R. and Wang, Yi-Min},
    title = {Model comparisons and model selections based on generalization criterion methodology},
    year = {2000},
    journal = {Journal of Mathematical Psychology},
    volume = {44},
    number = {1},
    pages = {171--189},
    keywords = {Information theory; Cross-validation; Nonnested models}
}

@article{Chat:1997,
    author = {Chatfield, Chris},
    title = {Forecasting in the 1990s},
    year = {1997},
    journal = {The Statistician},
    volume = {46},
    pages = {461--473},
    keywords = {Neural network; ARCH; Time series; Vector autoregression}
}

@article{Choi:1994,
    author = {Choi, ByoungSeon},
    title = {On the covariance matrix estimators of the white noise process of a vector autoregressive model},
    year = {1994},
    journal = {Communications in Statistics, Part A -- Theory and Methods [Split from: @J(CommStat)]},
    volume = {23},
    pages = {249--256},
    keywords = {Yule-Walker}
}

@article{Cres:Ente:1999,
    author = {Crescenzi, Mark J.C. and Enterline, Andrew J.},
    title = {Ripples from the Waves? A Systemic, Time-Series Analysis of Democracy, Democratization, and Interstate War},
    year = {1999},
    journal = {Journal of Peace Research},
    volume = {36},
    number = {1},
    pages = {75--94},
}

@phdthesis{DeJong:1975,
    author = {De Jong, K.A.},
    title = {An Analysis of the Behavior of a Class of Genetic Adaptive Systems},
    school = {University of Michigan, Ann Arbor},
    year = {1975},
}

@techreport{DeMa:Tid:1991,
    author = {de la Maza, M. and Tidor, B.},
    title = {Boltzmann weighted selection improves performance of genetic algorithms},
    year = {1991},
    institution = {Artificial Intelligence Laboratory, Massachusetts Institute of Technology},
    number = {1345},
    address = {Cambridge},
}

@article{Find:Wei:2002,
    author = {Findley, David F. and Wei, Ching-Zong},
    title = {A{IC}, overfitting principles, and the boundedness of moments of inverse matrices for vector autoregressions and related models},
    year = {2002},
    journal = {Journal of Multivariate Analysis},
    volume = {83},
    number = {2},
    pages = {415--450},
    keywords = {Model selection; misspecified models; principle of parsimony; least squares matrices; uniform Lipschitz condition; elliptical distributions}
}

@article{Fors:2000,
    author = {Forster, Malcolm R.},
    title = {Key concepts in model selection: {P}erformance and generalizability},
    year = {2000},
    journal = {Journal of Mathematical Psychology},
    volume = {44},
    number = {1},
    pages = {205--231},
    keywords = {Parsimony}
}

@article{Free:Will:Lin:1989,
    author = {Freeman, John R. and Williams, John T. and Lin, Tse},
    title = {Vector Autoregression and the Study of Politics},
    year = {1989},
    journal = {American Journal of Political Science},
    volume = {33},
    number = {4},
    pages = {842--877},
}

@article{Fuji:Sato:1997,
    author = {Fujikoshi, Yasunori and Satoh, Kenichi},
    title = {Modified {AIC} and ${C}_p$ in multivariate linear regression},
    year = {1997},
    journal = {Biometrika},
    volume = {84},
    pages = {707--716},
    keywords = {Akaike information criterion; Variable selection}
}

@article{Garc:Mart:Yoha:1999,
    author = {Garcia Ben, Marta and Martinez, Elena J. and Yohai, Victor J.},
    title = {Robust estimation in vector autoregressive moving-average models},
    year = {1999},
    journal = {Journal of Time Series Analysis},
    volume = {20},
    pages = {381--399},
    keywords = {Multivariate time series; Portmanteau test}
}

@article{Gold:1990,
    author = {Goldberg, D.E.},
    title = {A note on Boltzmann tournament selection for Genetic Algorithms and Population-oriented Simulated Annealing},
    year = {1990},
    journal = {Complex Systems},
    volume = {4},
    pages = {445--460}
}

@article{Gome:Gome:Mari:1998,
    author = {G{\'o}mez, E. and G{\'o}mez-Villegas, M. A. and Mar{\'i}n, J. M.},
    title = {A multivariate generalization of the power exponential family of distributions},
    year = {1998},
    journal = {Communications in Statistics, Part A -- Theory and Methods [Split from: @J(CommStat)]},
    volume = {27},
    number = {3},
    pages = {589--600},
    keywords = {Elliptical distribution}
}


@article{Grefen:1986,
    author = {Grefenstette, J.J.},
    title = {Optimization of Control Parameters for Genetic Algorithms},
    year = {1986},
    journal = {{IEEE} {T}ransactions on Systems, Man, and Cybernetics 16},
    volume = {1},
    pages = {122--128}
}

@article{Gruen:2000,
    author = {Gr{\"u}nwald, P.},
    title = {Model selection based on minimum description length},
    year = {2000},
    journal = {Journal of Mathematical Psychology},
    volume = {44},
    number = {1},
    pages = {133--152},
    keywords = {stochastic complexity; inductive inference}
}

@book{Hamil:1994,
    author = {Hamilton, James D.},
    title = {Time Series Analysis},
    year = {1994},
    address = {Princeton},
    publisher = {Princeton University Press}
}

@article{Hann:Quin:1979,
    author = {Hannan, E. J. and Quinn, B. G.},
    title = {The determination of the order of an autoregression},
    year = {1979},
    journal = {Journal of the Royal Statistical Society, Series B, Methodological},
    volume = {41},
    pages = {190--195},
    keywords = {AIC; Law of iterated logarithm; Strong convergence}
}

@book{Holland:1975,
    author = {Holland, John H.},
    title = {Adaptation in Natural and Artificial Systems},
    year = {1975},
    address = {Princeton},
    publisher = {University of Michigan Press},
    note = {(Second edition: MIT Press, 1992)}
}

@article{Holt:Newe:Rose:1988,
    author = {Holtz-Eakin, Douglas and Newey, Whitney and Rosen, Harvey S.},
    title = {Estimating vector autoregressions with panel data},
    year = {1988},
    journal = {Econometrica},
    volume = {56},
    pages = {1371--1395},
    keywords = {Causality test}
}

@article{Hurv:Shum:Tsai:1990,
    author = {Hurvich, Clifford M. and Shumway, Robert and Tsai, Chih-Ling},
    title = {Improved estimators of {K}ullback-{L}eibler information for autoregressive model selection in small samples},
    year = {1990},
    journal = {Biometrika},
    volume = {77},
    pages = {709--719},
    keywords = {Akaike information criterion}
}

@article{Hurv:Simo:Tsai:1998,
    author = {Hurvich, Clifford M. and Simonoff, Jeffrey S. and Tsai, Chih-Ling},
    title = {Smoothing parameter selection in nonparametric regression using an improved {A}kaike information criterion},
    year = {1998},
    journal = {Journal of the Royal Statistical Society, Series B, Methodological},
    volume = {60},
    pages = {271--293},
    keywords = {Kernel regression; Polynomial regression; Plug-in method}
}

@article{Hurv:Tsai:1998,
    author = {Hurvich, Clifford M. and Tsai, Chih-Ling},
    title = {A crossvalidatory {AIC} for hard wavelet thresholding in spatially adaptive function estimation},
    year = {1998},
    journal = {Biometrika},
    volume = {85},
    pages = {701--710},
    keywords = {Model selection; Akaike information criterion}
}

@article{Hurv:Tsai:1993,
    author = {Hurvich, Clifford M. and Tsai, Chih-Ling},
    title = {A corrected {A}kaike information criterion for vector autoregressive model selection},
    year = {1993},
    journal = {Journal of Time Series Analysis},
    volume = {14},
    pages = {271--279}
}

@article{Hurv:Tsai:1991,
    author = {Hurvich, Clifford M. and Tsai, Chih-Ling},
    title = {Bias of the corrected {AIC} criterion for underfitted regression and time series models},
    year = {1991},
    journal = {Biometrika},
    volume = {78},
    pages = {499--509},
    keywords = {Kullback-Leibler information}
}

@article{Hurv:Tsai:1989,
    author = {Hurvich, Clifford M. and Tsai, Chih-Ling},
    title = {Regression and time series model selection in small samples},
    year = {1989},
    journal = {Biometrika},
    volume = {76},
    pages = {297--307},
    keywords = {Akaike's information criterion; Kullback-Leibler information}
}

@article{Jose:2001,
    author = {Joseph, Nathan Lael},
    title = {Model specification and forecasting foreign exchange rates with vector autoregressions},
    year = {2001},
    journal = {Journal of Forecasting},
    volume = {20},
    number = {7},
    pages = {451--484}
}

@article{Kadi:Karl:1993,
    author = {Kadiyala, K. Rao and Karlsson, Sune},
    title = {Forecasting with generalized {B}ayesian vector autoregressions},
    year = {1993},
    journal = {Journal of Forecasting},
    volume = {12},
    pages = {365--378}
}

@inproceedings{Kadi:Karl:1989,
    author = {Kadiyala, K. Rao and Karlsson, Lars Sune},
    title = {Forecasting with {B}ayesian vector autoregressions},
    year = {1989},
    booktitle = {ASA Proceedings of the Business and Economic Statistics Section},
    pages = {110--115}
}

@inproceedings{Keat:1993,
    author = {Keating, John W.},
    title = {Asymmetric vector autoregression},
    year = {1993},
    booktitle = {ASA Proceedings of the Business and Economic Statistics Section},
    pages = {68--73}
}

@article{Kim:2004,
    author = {Kim, Jae H.},
    title = {Bias-corrected Bootstrap Prediction Regions for Vector Autoregression},
    year = {2004},
    journal = {Journal of Forecasting},
    volume = {23},
    number = {2},
    pages = {141--154}
}

@article{Kim:1999,
    author = {Kim, Jae H.},
    title = {Asymptotic and bootstrap prediction regions for vector autoregression},
    year = {1999},
    journal = {International Journal of Forecasting},
    volume = {15},
    pages = {393--403}
}

@article{Koni:Kita:1996,
    author = {Konishi, Sadanori and Kitagawa, Genshiro},
    title = {Generalised information criteria in model selection},
    year = {1996},
    journal = {Biometrika},
    volume = {83},
    pages = {875--890},
    keywords = {Bayesian approach; $M$-estimator; Penalized likelihood}
}

@article{Kull:Leib:1951,
    author = {Kullback, S. and Leibler, R.},
    title = {On information and sufficiency},
    year = {1951},
    journal = {Annals of Mathematical Statistics},
    volume = {22},
    pages = {79--86}
}

@article{Li:Tsay:1998,
    author = {Li, Hong and Tsay, Ruey S.},
    title = {A unified approach to identifying multivariate time series models},
    year = {1998},
    journal = {Journal of the American Statistical Association},
    volume = {93},
    pages = {770--782},
    keywords = {Theory and Methods; Gibbs sampler; Metropolis algorithm; Model specification; Vector autoregression Bayesian approach; Echelon form; Hankel matrix; Kronecker index; vector autoregressive moving average model}
}

@article{Litt:1986,
    author = {Litterman, Robert B.},
    title = {A statistical approach to economic forecasting},
    year = {1986},
    journal = {Journal of Business and Economic Statistics},
    volume = {4},
    pages = {1--4},
    keywords = {Vector autoregression; Time series; Bayesian approach}
}

@article{Litt:1986,
    author = {Litterman, Robert B.},
    title = {Forecasting with {B}ayesian vector autoregressions: {F}ive years of experience},
    year = {1986},
    journal = {Journal of Business and Economic Statistics},
    volume = {4},
    pages = {25--38}
}

@article{Liu:1996,
    author = {Liu, Shu-Ing},
    title = {Model selection for multiperiod forecasts},
    year = {1996},
    journal = {Biometrika},
    volume = {83},
    pages = {861--873},
    keywords = {Autoregressive process}
}

@unpublished{Liu:Boz:2004,
    author = {Liu, Min-Hui and Bozdogan, Hamparsum},
    title = {Multivariate Regression Models with Power Exponential Random Errors and Subset Selection Using Genetic Algorithms with Information Complexity},
    year = {2004},
    note = {Submitted for Review},
    keywords = {Multivariate Power Exponential Distribution; Multivariate Regression; AIC; ICOMP; Model Selection}
}

@book{Luetk:1993,
    author = {L{\"u}tkepohl, Helmut},
    title = {Introduction to multiple time series analysis},
    year = {1993},
    address = {New York},
    publisher = {Springer-Verlag Inc}
}

@article{Mart:Spez:1984,
    author = {Martini, A. San and Spezzaferri, F.},
    title = {A predictive model selection criterion},
    year = {1984},
    journal = {Journal of the Royal Statistical Society, Series B, Methodological},
    volume = {46},
    pages = {296--303},
    keywords = {Predictive distribution; Nested linear model; Odds ratio}
}

@article{Myun:2000,
    author = {Myung, In Jae},
    title = {The importance of complexity in model selection},
    year = {2000},
    journal = {Journal of Mathematical Psychology},
    volume = {44},
    number = {1},
    pages = {190--204},
    keywords = {Parsimony}
}

@inproceedings{Nick:Ohan:1987,
    author = {Nickelsburg, Gerald and Ohanian, Lee},
    title = {V{AR} priors and economic theory},
    year = {1987},
    booktitle = {ASA Proceedings of the Business and Economic Statistics Section},
    pages = {423--426},
    keywords = {Vector autoregression}
}

@article{Ng:Voge:2002,
    author = {Ng, Serena and Vogelsang, Timothy J.},
    title = {Analysis of vector autoregressions in the presence of shifts in mean},
    year = {2002},
    journal = {Econometric Reviews},
    volume = {21},
    number = {3},
    pages = {353--381},
    keywords = {trend break; Structural change; causality tests; Forecasting}
}

@article{Phil:1995,
    author = {Phillips, P. C. B.},
    title = {Fully modified least squares and vector autoregression ({STMA} {V}37 2068)},
    year = {1995},
    journal = {Econometrica},
    volume = {63},
    pages = {1023--1078},
    keywords = {Cointegration}
}

@article{Poll:Wale:1991,
    author = {Pollak, Robert A. and Wales, Terence J.},
    title = {The likelihood dominance criterion. {A} new approach to model selection},
    year = {1991},
    journal = {Journal of Econometrics},
    volume = {47},
    pages = {227--242},
    keywords = {Nonnested hypotheses}
}

@article{Quin:1998,
    author = {Quintos, Carmela E.},
    title = {Fully modified vector autoregressive inference in partially nonstationary models},
    year = {1998},
    journal = {Journal of the American Statistical Association},
    volume = {93},
    pages = {783--795},
    keywords = {Theory and Methods; Cointegration; Vector autoregression; Rank test; Causality testing; Fully modified regression}
}

@article{Riss:1987,
    author = {Rissanen, Jorma},
    title = {Stochastic complexity},
    year = {1987},
    journal = {Journal of the Royal Statistical Society, Series B, Methodological},
    volume = {49},
    pages = {223--239},
    keywords = {Model selection; Prior knowledge}
}
 
@article{Riss:1986,
    author = {Rissanen, Jorma},
    title = {Stochastic complexity and modeling},
    year = {1986},
    journal = {The Annals of Statistics},
    volume = {14},
    pages = {1080--1100},
    keywords = {Model selection; prediction; Coding theory}
}

@article{Riss:1978,
    author = {Rissanen, Jorma},
    title = {Modeling by shortest data description},
    year = {1978},
    journal = {Automatica},
    volume = {14},
    pages = {465--471},
    keywords = {Model selection}
}

@inproceedings{Rose:1989,
    author = {Rose, Elizabeth L.},
    title = {Forecasting with vector autoregressive models},
    year = {1989},
    booktitle = {ASA Proceedings of the Business and Economic Statistics Section},
    pages = {104--109}
}

@inproceedings{Rose:Mach:1987,
    author = {Rose, Elizabeth L. and Machak, Joseph A.},
    title = {Vector autoregressive models for business forecasting},
    year = {1987},
    booktitle = {ASA Proceedings of the Business and Economic Statistics Section},
    pages = {787--792}
}

@article{Runk:1987,
    author = {Runkle, David E.},
    title = {Vector autoregressions and reality ({C}/{R}: p443-454)},
    year = {1987},
    journal = {Journal of Business and Economic Statistics},
    volume = {5},
    pages = {437--442},
    keywords = {Bootstrap; Time series; Resampling}
}


@article{Sanch:Gome:Mari:2002,
    author = {S{\'a}nchez-Manzano, E. G. and G{\'o}mez-Villegas, M. A. and Mar{\'i}n-Diazaraque, J. M.},
    title = {A matrix variate generalization of the power exponential family of distributions},
    year = {2002},
    journal = {Communications in Statistics, Part A -- Theory and Methods [Split from: @J(CommStat)]},
    volume = {31},
    number = {12},
    pages = {2167--2182},
    keywords = {Elliptical distribution}
}

@article{Schw:1978,
    author = {Schwarz, Gideon},
    title = {Estimating the dimension of a model},
    year = {1978},
    journal = {The Annals of Statistics},
    volume = {6},
    pages = {461--464},
    keywords = {Akaike information criteria; Asymptotics}
}

@article{Shao:1996,
    author = {Shao, Jun},
    title = {Bootstrap model selection},
    year = {1996},
    journal = {Journal of the American Statistical Association},
    volume = {91},
    pages = {655--665},
    keywords = {Theory and Methods; Time series; Bootstrap; Generalized linear model; Nonlinear regression; Prediction error; Autoregressive time series; Bootstrap sample size}
}

@article{Shi:Tsai:1998,
    author = {Shi, Peide and Tsai, Chih-Ling},
    title = {A note on the unification of the {A}kaike information criterion},
    year = {1998},
    journal = {Journal of the Royal Statistical Society, Series B, Methodological},
    volume = {60},
    pages = {551--558},
    keywords = {Kullback-Leibler information; Model selection}
}

@article{Sims:1980,
    author = {Sims, Christopher A.},
    title = {Macroeconomics and Reality},
    year = {1980},
    journal = {Econometrica},
    volume = {48},
    number = {1},
    pages = {1--48},
}

@article{Sims:Zha:1998,
    author = {Sims, Christopher A. and Zha, Tao},
    title = {Bayesian methods for dynamic multivariate models},
    year = {1998},
    journal = {International Economic Review},
    volume = {39},
    pages = {949--968},
    keywords = {Vector autoregression}
}

@article{Spen:1993,
    author = {Spencer, David E.},
    title = {Developing a {B}ayesian vector autoregression forecasting model},
    year = {1993},
    journal = {International Journal of Forecasting},
    volume = {9},
    pages = {407--421}
}

@article{Subb:1923,
    author = {Subbotin, M.},
    title = {On the law of frequency of errors},
    year = {1923},
    journal = {Mathematicheskii Sbornik},
    volume = {31},
    pages = {296--300}
}

@article{Sugi:1978,
    author = {Sugiura, Nariaki},
    title = {Further analysis of the data by {A}kaike's information criterion and the finite corrections},
    year = {1978},
    journal = {Communications in Statistics, Part A -- Theory and Methods [Split from: @J(CommStat)]},
    volume = {7},
    pages = {13--26},
    keywords = {Multiple comparisons}
}

@article{Take:1976,
    author = {Takeuchi, K.},
    title = {Distribution of information statistics and a criterion of model fitting},
    year = {1976},
    journal = {Suri-Kagaku (Mathematical Sciences)},
    volume = {153},
    pages = {12--18},
    note = {[In Japanese]}
}

@article{Tiao:Tsay:1989,
    author = {Tiao, George C. and Tsay, Ruey S.},
    title = {Model specification in multivariate time series ({C}/{R}: p195-213)},
    year = {1989},
    journal = {Journal of the Royal Statistical Society, Series B, Methodological},
    volume = {51},
    pages = {157--195},
    keywords = {Canonical correlation; Identifiability; Autoregressive moving average model; Model identification}
}

@article{Tibs:Knig:1999,
    author = {Tibshirani, Robert and Knight, Keith},
    title = {The covariance inflation criterion for adaptive model selection},
    year = {1999},
    journal = {Journal of the Royal Statistical Society, Series B, Methodological},
    volume = {61},
    pages = {529--546},
    keywords = {prediction; Bootstrap; Cross-validation}
}

@article{Tibs:Knig:1999,
    author = {Tibshirani, Robert and Knight, Keith},
    title = {The covariance inflation criterion for adaptive model selection},
    year = {1999},
    journal = {Journal of the Royal Statistical Society, Series B, Methodological},
    volume = {61},
    pages = {529--546},
    keywords = {prediction; Bootstrap; Cross-validation}
}

@misc{vanEmden:1971,

    author = {Van Emden, M.H.},

    year = {1971},

    title = {An Analysis of Complexity},

    howpublished = {Mathematical Centre Tracts, Amsterdam, Vol. 35}

}



@article{Wass:2000,
    author = {Wasserman, Larry},
    title = {Bayesian model selection and model averaging},
    year = {2000},
    journal = {Journal of Mathematical Psychology},
    volume = {44},
    number = {1},
    pages = {92--107},
    keywords = {AIC; BIC; Markov chain Monte Carlo; MCMC; Akaike information criterion; Schwarz information criterion; Bayesian information criterion}
}

@article{Wong:Li:2000,
    author = {Wong, Chun Shan and Li, Wai Keung},
    title = {On a mixture autoregressive model},
    year = {2000},
    journal = {Journal of the Royal Statistical Society, Series B, Methodological},
    volume = {62},
    number = {1},
    pages = {95--115},
    keywords = {Autocorrelation; EM algorithm; Model selection; Stationarity}
}

@article{Zhan:Stin:2001,
    author = {Zhang, Jing and Stine, Robert A.},
    title = {Autocovariance structure of {M}arkov regime switching models and model selection},
    year = {2001},
    journal = {Journal of Time Series Analysis},
    volume = {22},
    number = {1},
    pages = {107--124},
    keywords = {ARMA; AIC; BIC; Autoregressive moving average; Bayesian information criterion; Akaike information criterion}
}

@article{Zhan:1993,
    author = {Zhang, Ping},
    title = {Model selection via multifold cross validation},
    year = {1993},
    journal = {The Annals of Statistics},
    volume = {21},
    pages = {299--313},
}

@article{Zucc:2000,
    author = {Zucchini, Walter},
    title = {An introduction to model selection},
    year = {2000},
    journal = {Journal of Mathematical Psychology},
    volume = {44},
    number = {1},
    pages = {41--61},
    keywords = {AIC; BIC; Bootstrap; Cross-validation; Selection bias; Akaike information criterion; Schwarz information criterion; Bayesian information criterion}
}

